@article{my_citation,
author = {Cardamone, Salvatore},
doi = {11.1111/Nature.1.111111},
file = {::},
issn = {1},
journal = {Nature Physics},
number = {1},
publisher = {Nature},
title = {{Some revolutionary article}},
volume = {1},
year = {2019}
}

